%YAML 1.1
%TAG !u! tag:unity3d.com,2011:
--- !u!1 &1871973391756039613
GameObject:
  m_ObjectHideFlags: 0
  m_CorrespondingSourceObject: {fileID: 0}
  m_PrefabInstance: {fileID: 0}
  m_PrefabAsset: {fileID: 0}
  serializedVersion: 6
  m_Component:
  - component: {fileID: 1871973391756039614}
  - component: {fileID: 1871973391756039600}
  - component: {fileID: 1871973391756039615}
  - component: {fileID: 1871973391756039601}
  - component: {fileID: 936927914}
  m_Layer: 0
  m_Name: Balloon
  m_TagString: Untagged
  m_Icon: {fileID: 0}
  m_NavMeshLayer: 0
  m_StaticEditorFlags: 0
  m_IsActive: 1
--- !u!4 &1871973391756039614
Transform:
  m_ObjectHideFlags: 0
  m_CorrespondingSourceObject: {fileID: 0}
  m_PrefabInstance: {fileID: 0}
  m_PrefabAsset: {fileID: 0}
  m_GameObject: {fileID: 1871973391756039613}
  m_LocalRotation: {x: 0, y: 0, z: 0, w: 1}
  m_LocalPosition: {x: -4.05, y: 1.4900001, z: 0.029296875}
  m_LocalScale: {x: 1, y: 1, z: 1}
  m_Children: []
  m_Father: {fileID: 0}
  m_RootOrder: 0
  m_LocalEulerAnglesHint: {x: 0, y: 0, z: 0}
--- !u!212 &1871973391756039600
SpriteRenderer:
  m_ObjectHideFlags: 0
  m_CorrespondingSourceObject: {fileID: 0}
  m_PrefabInstance: {fileID: 0}
  m_PrefabAsset: {fileID: 0}
  m_GameObject: {fileID: 1871973391756039613}
  m_Enabled: 1
  m_CastShadows: 0
  m_ReceiveShadows: 0
  m_DynamicOccludee: 1
  m_MotionVectors: 1
  m_LightProbeUsage: 1
  m_ReflectionProbeUsage: 1
  m_RenderingLayerMask: 1
  m_RendererPriority: 0
  m_Materials:
  - {fileID: 10754, guid: 0000000000000000f000000000000000, type: 0}
  m_StaticBatchInfo:
    firstSubMesh: 0
    subMeshCount: 0
  m_StaticBatchRoot: {fileID: 0}
  m_ProbeAnchor: {fileID: 0}
  m_LightProbeVolumeOverride: {fileID: 0}
  m_ScaleInLightmap: 1
  m_PreserveUVs: 0
  m_IgnoreNormalsForChartDetection: 0
  m_ImportantGI: 0
  m_StitchLightmapSeams: 0
  m_SelectedEditorRenderState: 0
  m_MinimumChartSize: 4
  m_AutoUVMaxDistance: 0.5
  m_AutoUVMaxAngle: 89
  m_LightmapParameters: {fileID: 0}
  m_SortingLayerID: 0
  m_SortingLayer: 0
  m_SortingOrder: 3
  m_Sprite: {fileID: 21300000, guid: 214e15617ef68f64c9281af8eca5bfa6, type: 3}
  m_Color: {r: 1, g: 1, b: 1, a: 1}
  m_FlipX: 0
  m_FlipY: 0
  m_DrawMode: 0
  m_Size: {x: 0.9, y: 1.31}
  m_AdaptiveModeThreshold: 0.5
  m_SpriteTileMode: 0
  m_WasSpriteAssigned: 1
  m_MaskInteraction: 0
  m_SpriteSortPoint: 0
--- !u!50 &1871973391756039615
Rigidbody2D:
  serializedVersion: 4
  m_ObjectHideFlags: 0
  m_CorrespondingSourceObject: {fileID: 0}
  m_PrefabInstance: {fileID: 0}
  m_PrefabAsset: {fileID: 0}
  m_GameObject: {fileID: 1871973391756039613}
  m_BodyType: 0
  m_Simulated: 1
  m_UseFullKinematicContacts: 0
  m_UseAutoMass: 0
  m_Mass: 10
  m_LinearDrag: 0
  m_AngularDrag: 0.05
  m_GravityScale: -0.05
  m_Material: {fileID: 6200000, guid: 2d5c479cb5f372146949f92691939811, type: 2}
  m_Interpolate: 0
  m_SleepingMode: 1
  m_CollisionDetection: 1
  m_Constraints: 0
--- !u!60 &1871973391756039601
PolygonCollider2D:
  m_ObjectHideFlags: 0
  m_CorrespondingSourceObject: {fileID: 0}
  m_PrefabInstance: {fileID: 0}
  m_PrefabAsset: {fileID: 0}
  m_GameObject: {fileID: 1871973391756039613}
  m_Enabled: 1
  m_Density: 1
  m_Material: {fileID: 0}
  m_IsTrigger: 0
  m_UsedByEffector: 0
  m_UsedByComposite: 0
  m_Offset: {x: 0, y: 0}
  m_SpriteTilingProperty:
    border: {x: 0, y: 0, z: 0, w: 0}
    pivot: {x: 0.5, y: 0.5}
    oldSize: {x: 0.9, y: 1.31}
    newSize: {x: 0.9, y: 1.31}
    adaptiveTilingThreshold: 0.5
    drawMode: 0
    adaptiveTiling: 0
  m_AutoTiling: 0
  m_Points:
    m_Paths:
    - - {x: 0.12608075, y: -0.33838868}
      - {x: 0.20580971, y: -0.21516204}
      - {x: 0.27763152, y: -0.15559083}
      - {x: 0.33069563, y: -0.08606619}
      - {x: 0.3625567, y: -0.035775125}
      - {x: 0.4098463, y: 0.07999414}
      - {x: 0.4109137, y: 0.23185426}
      - {x: 0.38402462, y: 0.35064423}
      - {x: 0.31098604, y: 0.48884845}
      - {x: 0.2356329, y: 0.5475714}
      - {x: 0.12123728, y: 0.6123719}
      - {x: -0.074811935, y: 0.61802185}
      - {x: -0.16085052, y: 0.5960188}
      - {x: -0.28044462, y: 0.5296011}
      - {x: -0.35789347, y: 0.43566322}
      - {x: -0.41255426, y: 0.2876842}
      - {x: -0.42201948, y: 0.1301176}
      - {x: -0.40057325, y: 0.027082145}
      - {x: -0.34649944, y: -0.077998936}
      - {x: -0.21379137, y: -0.21498233}
      - {x: -0.14319766, y: -0.3345914}
      - {x: -0.0616647, y: -0.39502406}
      - {x: -0.0033397675, y: -0.48665673}
      - {x: 0.07249689, y: -0.38689947}
--- !u!114 &936927914
MonoBehaviour:
  m_ObjectHideFlags: 0
  m_CorrespondingSourceObject: {fileID: 0}
  m_PrefabInstance: {fileID: 0}
  m_PrefabAsset: {fileID: 0}
  m_GameObject: {fileID: 1871973391756039613}
  m_Enabled: 1
  m_EditorHideFlags: 0
  m_Script: {fileID: 11500000, guid: 0c489c5f40c8d70479867125251dbe37, type: 3}
  m_Name: 
  m_EditorClassIdentifier: 
  MoveSpeed: 1
  Offset: 0.01
  GroundIsLava: 0
  PointValue: 5000
